@article{abedi2002challenges,
  title={Challenges to established parties: The effects of party system features on the electoral fortunes of anti-political-establishment parties},
  author={Abedi, Arim},
  journal={European Journal of Political Research},
  volume={41},
  number={4},
  pages={551--583},
  year={2002},
  publisher={Wiley Online Library}
}



@book{art2011inside,
  title={Inside the radical right: The development of anti-immigrant parties in Western Europe},
  author={Art, David},
  year={2011},
  publisher={Cambridge University Press}
}



@article{bale2010if,
  title={If you can't beat them, join them? Explaining social democratic responses to the challenge from the populist radical right in Western Europe},
  author={Bale, Tim and Green-Pedersen, Christoffer and Krouwel, Andr{\'e}A and Luther, Kurt Richard and Sitter, Nick},
  journal={Political studies},
  volume={58},
  number={3},
  pages={410--426},
  year={2010},
  publisher={SAGE Publications Sage UK: London, England}
}



@article{behiels2010stephen,
  title={Stephen Harper's Rise to Power: Will His “New” Conservative Party Become Canada's “Natural Governing Party” of the Twenty-First Century?},
  author={Behiels, Michael D},
  journal={American Review of Canadian Studies},
  volume={40},
  number={1},
  pages={118--145},
  year={2010},
  publisher={Taylor \& Francis}
}



@article{bernhard2015party,
  title={Party Strength and Economic Growth},
  author={Bernhard, Michael and Coppedge, Michael and Bizzarro Neto, Fernando and Gerring, John and Hicken, Allen and Knutsen, Carl Henrik and Lindberg, Staffan I and Skaaning, Svend-Erik},
  journal={V-Dem Working Paper},
  volume={10},
  year={2015}
}



@article{bernhard2015institutional,
  title={Institutional Subsystems and the Survival of Democracy: Do Political and Civil Society Matter?},
  author={Bernhard, Michael and Hicken, Allen and Reenock, Christopher M and Lindberg, Staffan I},
  journal={V-Dem Working Paper},
  volume={4},
  year={2015}
}



@book{betz1994radical,
  title={Radical right-wing populism in Western Europe},
  author={Betz, Hans-Georg},
  year={1994},
  publisher={Springer}
}


@article{birch2003two,
  title={Two-round electoral systems and democracy},
  author={Birch, Sarah},
  journal={Comparative Political Studies},
  volume={36},
  number={3},
  pages={319--344},
  year={2003},
  publisher={Sage Publications Sage CA: Thousand Oaks, CA}
}



@article{bizzarro2017v,
  title={The V-Dem Party Institutionalization Index: a new global indicator (1900-2015)},
  author={Bizzarro, Fernando and Hicken, Allen and Self, Darin},
  journal={V-Dem Working Paper Series},
  volume={48},
  year={2017}
}



@article{bizzarro2018party,
  title={Party strength and economic growth},
  author={Bizzarro, Fernando and Gerring, John and Knutsen, Carl Henrik and Hicken, Allen and Bernhard, Michael and Skaaning, Svend-Erik and Coppedge, Michael and Lindberg, Staffan I},
  journal={World Politics},
  volume={70},
  number={2},
  pages={275--320},
  year={2018},
  publisher={Cambridge University Press}
}



@article{bollen2000subjective,
  title={Subjective measures of liberal democracy},
  author={Bollen, Kenneth A and Paxton, Pamela},
  journal={Comparative Political Studies},
  volume={33},
  number={1},
  pages={58--86},
  year={2000},
  publisher={Sage Publications}
}



@book{carter2011extreme,
  title={The extreme right in Western Europe: Success or failure?},
  author={Carter, Elisabeth},
  year={2011},
  publisher={Oxford University Press}
}



@article{centellas2009electoral,
  title={Electoral reform, regional cleavages, and party system stability in Bolivia},
  author={Centellas, Miguel},
  journal={Journal of Politics in Latin America},
  volume={1},
  number={2},
  year={2009}
}



@article{clark2006rehabilitating,
  title={Rehabilitating duverger’s theory testing the mechanical and strategic modifying effects of electoral laws},
  author={Clark, William Roberts and Golder, Matt},
  journal={Comparative Political Studies},
  volume={39},
  number={6},
  pages={679--708},
  year={2006},
  publisher={Sage Publications}
}



@book{conniff2012populism,
  title={Populism in Latin America},
  author={Conniff, Michael L and Roberts, Kenneth and Basurto, Jorge and Drake, Paul W and Ellner, Steve},
  year={2012},
  publisher={The University of Alabama Press}
}



@article{crabtree2013mnr,
  title={From the MNR to the MAS: Populism, Parties, the State, and Social Movements in Bolivia since 1952},
  author={Crabtree, John},
  journal={Latin American Populism in the Twenty-First Century},
  pages={269--93},
  year={2013}
}



@book{de2010populist,
  title={Populist Seduction in Latin America},
  author={De la Torre, Carlos},
  year={2010},
  publisher={Ohio University Press}
}



@article{de2013name,
  title={In the Name of the People: Democratization, Popular Organizations, and Populism in Venezuela, Bolivia, and Ecuador},
  author={De la Torre, Carlos},
  journal={European Review of Latin American and Caribbean Studies},
  volume={95},
  pages={27--48},
  year={2013}
}



@article{dietz2007thaw,
  title={From thaw to deluge: Party system collapse in Venezuela and Peru},
  author={Dietz, Henry A and Myers, David J},
  journal={Latin American Politics \& Society},
  volume={49},
  number={2},
  pages={59--86},
  year={2007},
  publisher={University of Miami}
}



@article{hawkins2003populism,
  title={Populism in Venezuela: the rise of Chavismo},
  author={Hawkins, Kirk},
  journal={Third World Quarterly},
  volume={24},
  number={6},
  pages={1137--1160},
  year={2003},
  publisher={Taylor \& Francis}
}



@book{hawkins2010venezuela,
  title={Venezuela's chavismo and populism in comparative perspective},
  author={Hawkins, Kirk A},
  year={2010},
  publisher={Cambridge University Press}
}



@article{hawkins2012measuring,
  title={Measuring populist attitudes},
  author={Hawkins, Kirk and Riding, Scott and Mudde, Cas},
  year={2012}
}



@article{hawkins2015mapping,
  title={Mapping Populist Parties in Europe and the Americas},
  author={Hawkins, Kirk A and Silva, Bruno Castanho},
  year={2015}
}



@article{jackman2004bayesian,
  title={What do we learn from graduate admissions committees? A multiple rater, latent variable model, with incomplete discrete and continuous indicators},
  author={Jackman, Simon},
  journal={Political Analysis},
  volume={12},
  number={4},
  pages={400--424},
  year={2004},
  publisher={SPM-PMSAPSA}
}



@book{kitschelt1997radical,
  title={The radical right in Western Europe: A comparative analysis},
  author={Kitschelt, Herbert and McGann, Anthony J},
  year={1997},
  publisher={University of Michigan Press}
}



@book{kriesi2008west,
  title={West European politics in the age of globalization},
  author={Kriesi, Hanspeter and Grande, Edgar and Lachat, Romain and Dolezal, Martin and Bornschier, Simon and Frey, Timotheos and others},
  year={2008},
  publisher={Cambridge University Press Cambridge}
}



@article{kriesi2006globalization,
  title={Globalization and the transformation of the national political space: Six European countries compared},
  author={Kriesi, Hanspeter and Grande, Edgar and Lachat, Romain and Dolezal, Martin and Bornschier, Simon and Frey, Timotheos},
  journal={European Journal of Political Research},
  volume={45},
  number={6},
  pages={921--956},
  year={2006},
  publisher={Wiley Online Library}
}


@article{levitsky1998institutionalization,
  title={Institutionalization and Peronism: the concept, the case and the case for unpacking the concept},
  author={Levitsky, Steven},
  journal={Party politics},
  volume={4},
  number={1},
  pages={77--92},
  year={1998},
  publisher={Sage Publications 6 Bonhill Street, London EC2A 4PU, UK}
}



@book{levitsky2016challenges,
  title={Challenges of party-building in Latin America},
  author={Levitsky, Steven and Loxton, James and Van Dyck, Brandon and Dom{\'\i}nguez, Jorge I},
  year={2016},
  publisher={Cambridge University Press}
}



@article{luna2011uprooted,
  title={Uprooted but stable: Chilean parties and the concept of party system institutionalization},
  author={Luna, Juan Pablo and Altman, David},
  journal={Latin American Politics and Society},
  pages={1--28},
  year={2011},
  publisher={JSTOR}
}



@article{madrid2008rise,
  title={The rise of ethnopopulism in Latin America},
  author={Madrid, Ra{\'u}l L},
  journal={World Politics},
  volume={60},
  number={3},
  pages={475--508},
  year={2008},
  publisher={Cambridge University Press}
}

@book{mainwaring1995building,
  title={Building democratic institutions: Party systems in Latin America},
  author={Mainwaring, Scott and Scully, Timothy and others},
  year={1995},
  publisher={Cambridge Univ Press}
}



@article{miller2008transformation,
  title={The transformation of the republican and democratic party coalitions in the US},
  author={Miller, Gary and Schofield, Norman},
  journal={Perspectives on Politics},
  volume={6},
  number={03},
  pages={433--450},
  year={2008},
  publisher={Cambridge Univ Press}
}



@article{moffitt2014rethinking,
  title={Rethinking populism: Politics, mediatisation and political style},
  author={Moffitt, Benjamin and Tormey, Simon},
  journal={Political Studies},
  volume={62},
  number={2},
  pages={381--397},
  year={2014},
  publisher={SAGE Publications Sage UK: London, England}
}



@book{moffitt2016global,
  title={The global rise of populism: Performance, political style, and representation},
  author={Moffitt, Benjamin},
  year={2016},
  publisher={Stanford University Press}
}



@article{muller1993after,
  title={After the ‘Golden Age’: Research into Austrian political parties since the 1980s},
  author={M{\"u}ller, Wolfgang C},
  journal={European Journal of Political Research},
  volume={23},
  number={4},
  pages={439--463},
  year={1993},
  publisher={Wiley Online Library}
}



@book{mudde2007populist,
  title={Populist radical right parties in Europe},
  author={Mudde, Cas},
  year={2007},
  publisher={Cambridge University Press Cambridge}
}



@article{mudde2011voices,
  title={Voices of the people: Populism in Europe and Latin America compared},
  author={Mudde, Cas},
  year={2011}
}



@article{mudde2013exclusionary,
  title={Exclusionary vs. inclusionary populism: Comparing contemporary Europe and Latin America},
  author={Mudde, Cas and Kaltwasser, Crist{\'o}bal Rovira},
  journal={Government and Opposition},
  volume={48},
  number={02},
  pages={147--174},
  year={2013},
  publisher={Cambridge Univ Press}
}



@book{mudde2017populism,
  title={Populism: A very short introduction},
  author={Mudde, Cas and Kaltwasser, Crist{\'o}bal Rovira},
  year={2017},
  publisher={Oxford University Press}
}



@article{mughan2003economic,
  title={Economic globalization, job insecurity and the populist reaction},
  author={Mughan, Anthony and Bean, Clive and McAllister, Ian},
  journal={Electoral Studies},
  volume={22},
  number={4},
  pages={617--633},
  year={2003},
  publisher={Elsevier}
}



@article{ostiguy2009high,
  title={The high and the low in politics: a two-dimensional political space for comparative analysis and electoral studies},
  author={Ostiguy, Pierre},
  year={2009},
  publisher={Helen Kellogg Institute for International Studies}
}



@article{ostiguy2009highlow,
  title={The High-Low Political Divide. Rethinking Populism and Anti-Populism},
  author={Ostiguy, Pierre},
  journal={Committee on Concepts and Methods Working Paper Series},
  volume={35},
  year={2009}
}



@inproceedings{ostiguy2013flaunting,
  title={Flaunting the ‘Low’in Politics: A Cultural-Relational Approach to Populism},
  author={Ostiguy, Pierre},
  booktitle={ponencia prsesentada en el Workshop on the Concept of Populism, Universidad de Sussex},
  volume={27},
  year={2013}
}



@article{pemstein2015evaluating,
  title={Evaluating and Improving Item Response Theory Models for Cross-National Expert Surveys},
  author={Pemstein, Daniel and Tzelgov, Eitan and Wang, Yi-ting},
  journal={V-Dem Working Paper},
  volume={1},
  year={2015}
}



@article{roberts1995neoliberalism,
  title={Neoliberalism and the transformation of populism in Latin America: the Peruvian case},
  author={Roberts, Kenneth M},
  journal={World politics},
  volume={48},
  number={01},
  pages={82--116},
  year={1995},
  publisher={Cambridge Univ Press}
}



@article{roberts2003social,
  title={Social correlates of party system demise and populist resurgence in Venezuela},
  author={Roberts, Kenneth M},
  journal={Latin American Politics and Society},
  volume={45},
  number={3},
  pages={35--57},
  year={2003},
  publisher={Wiley Online Library}
}



@article{roberts2006populism,
  title={Populism, political conflict, and grass-roots organization in Latin America},
  author={Roberts, Kenneth M},
  journal={Comparative Politics},
  pages={127--148},
  year={2006},
  publisher={JSTOR}
}



@article{roberts2007latin,
  title={Latin America's populist revival},
  author={Roberts, Kenneth M},
  journal={SAIS Review of International Affairs},
  volume={27},
  number={1},
  pages={3--15},
  year={2007},
  publisher={The Johns Hopkins University Press}
}



@article{roberts2012politics,
  title={The politics of inequality and redistribution in Latin America’s post-adjustment era},
  author={Roberts, Kenneth M},
  year={2012}
}



@article{roberts2013market,
  title={Market reform, programmatic (de) alignment, and party system stability in Latin America},
  author={Roberts, Kenneth M},
  journal={Comparative Political Studies},
  volume={46},
  number={11},
  pages={1422--1452},
  year={2013},
  publisher={SAGE Publications}
}



@article{roberts2014populism,
  title={Populism, political mobilizations, and crises of political representation},
  author={Roberts, Kenneth M},
  journal={The Promise and Perils of Populism: Global Perspectives},
  pages={140},
  year={2014},
  publisher={University Press of Kentucky}
}



@article{roberts2015populism,
  title={Populism and Social Movements in Comparative Perspective},
  author={Roberts, Kenneth M},
  year={2015},
  journal={Unpublished Manuscript}
}



@inproceedings{roberts2016newsletter,
  title={Populism as Epithet and Identity: The Use and Misuse of a Contested Concept},
  author={Roberts, Kenneth M},
  booktitle={Comparative Politics Newsletter},
  volume={26},
  issue={2},
  year={2016}
}



@article{selway2016system,
  title={Electoral Systems and the Impact of Electoral Rules},
  author={Selway, Joel and Self, Darin},
  note = {Midwest Political Science Association Annual Meeting},
  year={2016}
}



@article{selway2016data,
  title={Institutions in Anocracies Around the World:
A New Dataset},
  author={Selway, Joel and Self, Darin, and Freeman, Desiree},
  note = {Working paper},
  year={2016}
}



@article{snow2012straddling,
  title={Straddling the divide: mainstream populism and conservatism in Howard's Australia and Harper's Canada},
  author={Snow, Dave and Moffitt, Benjamin},
  journal={Commonwealth \& Comparative Politics},
  volume={50},
  number={3},
  pages={271--292},
  year={2012},
  publisher={Taylor \& Francis}
}



@article{swank2003globalization,
  title={Globalization, the welfare state and right-wing populism in Western Europe},
  author={Swank, Duane and Betz, Hans-Georg},
  journal={Socio-Economic Review},
  volume={1},
  number={2},
  pages={215--245},
  year={2003},
  publisher={SASE}
}



@article{tavits2006party,
  title={Party system change testing a model of new party entry},
  author={Tavits, Margit},
  journal={Party Politics},
  volume={12},
  number={1},
  pages={99--119},
  year={2006},
  publisher={Sage Publications}
}



@article{tavits2008party,
  title={Party systems in the making: The emergence and success of new parties in new democracies},
  author={Tavits, Margit},
  journal={British Journal of Political Science},
  volume={38},
  number={01},
  pages={113--133},
  year={2008},
  publisher={Cambridge Univ Press}
}



@book{tavits2013post,
  title={Post-communist democracies and party organization},
  author={Tavits, Margit},
  year={2013},
  publisher={Cambridge University Press}
}



@book{webber2011rebellion,
  title={From rebellion to reform in Bolivia: Class struggle, indigenous liberation, and the politics of Evo Morales},
  author={Webber, Jeffery},
  year={2011},
  publisher={Haymarket Books}
}



@article{weyland1999neoliberal,
  title={Neoliberal populism in Latin America and eastern Europe},
  author={Weyland, Kurt},
  journal={Comparative Politics},
  pages={379--401},
  year={1999},
  publisher={JSTOR}
}



@article{weyland2001clarifying,
  title={Clarifying a contested concept: Populism in the study of Latin American politics},
  author={Weyland, Kurt},
  journal={Comparative politics},
  pages={1--22},
  year={2001},
  publisher={JSTOR}
}



@book{laclau2005populist,
  title={On populist reason},
  author={Laclau, Ernesto},
  year={2005},
  publisher={Verso}
}



@article{errejon2007regreso,
  title={El regreso de T{\'u}pac Katari. Bolivia y los procesos de transformaci{\'o}n global del capitalismo},
  author={Errej{\'o}n Galv{\'a}n, I{\~n}igo and Espasand{\'\i}n L{\'o}pez, Jes{\'u}s and Iglesias Turri{\'o}n, Pablo},
  journal={Tabula Rasa: revista de humanidades},
  number={7},
  pages={111--148},
  year={2007},
  publisher={Leonardo Montenegro Mart{\'\i}nez CD}
}



@article{iglesias2008devolviendo,
  title={Devolviendo el bal{\'o}n a la cancha: Di{\'a}logos con Walter Mignolo},
  author={Iglesias Turri{\'o}n, Pablo and Espasandin L{\'o}pez, Jes{\'u}s and Errejon Galvan, I{\~n}igo},
  journal={Tabula Rasa},
  number={8},
  pages={283--320},
  year={2008}
}



@article{iglesias2009multitud,
  title={Multitud y acci{\'o}n colectiva postnacional: un estudio comparado de los desobedientes: de Italia a Madrid (2000-2005)},
  author={Iglesias Turri{\'o}n, Pablo},
  year={2009},
  publisher={Universidad Complutense de Madrid, Servicio de Publicaciones}
}



@article{iglesias2014clases,
  title={Las clases peligrosas. La interfaz bolivariana en la resistencia global al capitalismo},
  author={Iglesias Turri{\'o}n, Pablo},
  year={2014},
  publisher={Vicepresidencia del Estado, Presidencia de la Asamblea Legislativa Plurinacional}
}





@article{pais_fundacion_2014,
      author = {Mercado, Francisco},
      title = {La fundación relacionada con Podemos cobró 3,7 millones de Chávez en 10 años},
      url ={http://politica.elpais.com/politica/2014/06/17/actualidad/1403039351_862188.html},
      urldate = {February 7, 2017},
      year = {n.d,}
    }



@article{iglesiashuff,
      author = {Ruiz Valdivia, Antonio},
      title = {25 datos que no sabías de Pablo Iglesias},
      url ={http://www.huffingtonpost.es/2014/11/04/pablo-iglesias_n_6101108.html},
      urldate = {February 7, 2017},
      year = {n.d,}
    }


@article{schain1999national,
  title={The National Front and the French party system},
  author={Schain, Martin A},
  journal={French Politics and Society},
  pages={1--16},
  year={1999},
  publisher={JSTOR}
}



@book{knapp2004parties,
  title={Parties and the party system in France: a disconnected democracy?},
  author={Knapp, Andrew},
  year={2004},
  publisher={Springer}
}




@incollection{grunberg2008french,
  title={The French party system and the crisis of representation},
  author={Grunberg, G{\'e}rard},
  booktitle={Changing France},
  pages={223--243},
  year={2008},
  publisher={Springer}
}



@article{bornschier2009evolution,
  title={The evolution of the French political space and party system},
  author={Bornschier, Simon and Lachat, Romain},
  journal={West European Politics},
  volume={32},
  number={2},
  pages={360--383},
  year={2009},
  publisher={Taylor \& Francis}
}



@article{shields2013marine,
  title={Marine Le Pen and the ‘New’FN: A Change of Style or of Substance?},
  author={Shields, James},
  journal={Parliamentary Affairs},
  volume={66},
  number={1},
  pages={179--196},
  year={2013},
  publisher={Hansard Soc}
}



@article{mayer2013jean,
  title={From Jean-Marie to Marine Le Pen: electoral change on the far right},
  author={Mayer, Nonna},
  journal={Parliamentary Affairs},
  volume={66},
  number={1},
  pages={160--178},
  year={2013},
  publisher={Hansard Soc}
}